
@inproceedings{Cucurull2018ConvolutionalNN,
  title={Convolutional neural networks for mesh-based parcellation of the cerebral cortex},
  author={Guillem Cucurull and K. Wagstyl and A. Casanova and Petar Velickovic and Estrid Jakobsen and M. Drozdzal and Adriana Romero and Alan C. Evans and Yoshua Bengio},
  year={2018}
}


@misc{hamilton2018inductive,
      title={Inductive Representation Learning on Large Graphs}, 
      author={William L. Hamilton and Rex Ying and Jure Leskovec},
      year={2018},
      eprint={1706.02216},
      archivePrefix={arXiv},
      primaryClass={cs.SI}
}

@misc{monti2016geometric,
      title={Geometric deep learning on graphs and manifolds using mixture model CNNs}, 
      author={Federico Monti and Davide Boscaini and Jonathan Masci and Emanuele Rodolà and Jan Svoboda and Michael M. Bronstein},
      year={2016},
      eprint={1611.08402},
      archivePrefix={arXiv},
      primaryClass={cs.CV}
}

@misc{vaswani2017attention,
      title={Attention Is All You Need}, 
      author={Ashish Vaswani and Noam Shazeer and Niki Parmar and Jakob Uszkoreit and Llion Jones and Aidan N. Gomez and Lukasz Kaiser and Illia Polosukhin},
      year={2017},
      eprint={1706.03762},
      archivePrefix={arXiv},
      primaryClass={cs.CL}
}

@misc{velickovic2018graph,
      title={Graph Attention Networks}, 
      author={Petar Veličković and Guillem Cucurull and Arantxa Casanova and Adriana Romero and Pietro Liò and Yoshua Bengio},
      year={2018},
      eprint={1710.10903},
      archivePrefix={arXiv},
      primaryClass={stat.ML}
}

@misc{zhou2021graph,
      title={Graph Neural Networks: A Review of Methods and Applications}, 
      author={Jie Zhou and Ganqu Cui and Shengding Hu and Zhengyan Zhang and Cheng Yang and Zhiyuan Liu and Lifeng Wang and Changcheng Li and Maosong Sun},
      year={2021},
      eprint={1812.08434},
      archivePrefix={arXiv},
      primaryClass={cs.LG}
}

